%YAML 1.1
%TAG !u! tag:unity3d.com,2011:
--- !u!29 &1
SceneSettings:
  m_ObjectHideFlags: 0
  m_PVSData: 
  m_PVSObjectsArray: []
  m_PVSPortalsArray: []
  m_OcclusionBakeSettings:
    smallestOccluder: 5
    smallestHole: .25
    backfaceThreshold: 100
--- !u!104 &2
RenderSettings:
  m_Fog: 0
  m_FogColor: {r: .5, g: .5, b: .5, a: 1}
  m_FogMode: 3
  m_FogDensity: .00999999978
  m_LinearFogStart: 0
  m_LinearFogEnd: 300
  m_AmbientLight: {r: .200000003, g: .200000003, b: .200000003, a: 1}
  m_SkyboxMaterial: {fileID: 0}
  m_HaloStrength: .5
  m_FlareStrength: 1
  m_FlareFadeSpeed: 3
  m_HaloTexture: {fileID: 0}
  m_SpotCookie: {fileID: 0}
  m_ObjectHideFlags: 0
--- !u!127 &3
LevelGameManager:
  m_ObjectHideFlags: 0
--- !u!157 &4
LightmapSettings:
  m_ObjectHideFlags: 0
  m_LightProbes: {fileID: 0}
  m_Lightmaps: []
  m_LightmapsMode: 1
  m_BakedColorSpace: 0
  m_UseDualLightmapsInForward: 0
  m_LightmapEditorSettings:
    m_Resolution: 50
    m_LastUsedResolution: 0
    m_TextureWidth: 1024
    m_TextureHeight: 1024
    m_BounceBoost: 1
    m_BounceIntensity: 1
    m_SkyLightColor: {r: .860000014, g: .930000007, b: 1, a: 1}
    m_SkyLightIntensity: 0
    m_Quality: 0
    m_Bounces: 1
    m_FinalGatherRays: 1000
    m_FinalGatherContrastThreshold: .0500000007
    m_FinalGatherGradientThreshold: 0
    m_FinalGatherInterpolationPoints: 15
    m_AOAmount: 0
    m_AOMaxDistance: .100000001
    m_AOContrast: 1
    m_LODSurfaceMappingDistance: 1
    m_Padding: 0
    m_TextureCompression: 0
    m_LockAtlas: 0
--- !u!196 &5
NavMeshSettings:
  m_ObjectHideFlags: 0
  m_BuildSettings:
    agentRadius: .5
    agentHeight: 2
    agentSlope: 45
    agentClimb: .400000006
    ledgeDropHeight: 0
    maxJumpAcrossDistance: 0
    accuratePlacement: 0
    minRegionArea: 2
    widthInaccuracy: 16.666666
    heightInaccuracy: 10
    tileSizeHint: 0
  m_NavMesh: {fileID: 0}
--- !u!1 &14833133
GameObject:
  m_ObjectHideFlags: 0
  m_PrefabParentObject: {fileID: 134908, guid: 9ccb091099b074360a6b4b5269c84fb5, type: 2}
  m_PrefabInternal: {fileID: 317171434}
  serializedVersion: 4
  m_Component:
  - 4: {fileID: 14833134}
  - 114: {fileID: 14833135}
  m_Layer: 0
  m_Name: TextSwitcher
  m_TagString: TextSwitcher
  m_Icon: {fileID: 0}
  m_NavMeshLayer: 0
  m_StaticEditorFlags: 0
  m_IsActive: 1
--- !u!4 &14833134
Transform:
  m_ObjectHideFlags: 0
  m_PrefabParentObject: {fileID: 434908, guid: 9ccb091099b074360a6b4b5269c84fb5, type: 2}
  m_PrefabInternal: {fileID: 317171434}
  m_GameObject: {fileID: 14833133}
  m_LocalRotation: {x: 0, y: 0, z: 0, w: 1}
  m_LocalPosition: {x: 0, y: 0, z: 0}
  m_LocalScale: {x: 1, y: 1, z: 1}
  m_Children: []
  m_Father: {fileID: 0}
  m_RootOrder: 3
--- !u!114 &14833135
MonoBehaviour:
  m_ObjectHideFlags: 0
  m_PrefabParentObject: {fileID: 11448482, guid: 9ccb091099b074360a6b4b5269c84fb5,
    type: 2}
  m_PrefabInternal: {fileID: 317171434}
  m_GameObject: {fileID: 14833133}
  m_Enabled: 1
  m_EditorHideFlags: 0
  m_Script: {fileID: 11500000, guid: 2ac31c366f1b54577879ed434428d4f2, type: 3}
  m_Name: 
  m_EditorClassIdentifier: 
  Hi1: {fileID: 1644307928}
  Hi2: {fileID: 2049793082}
  Fu: {fileID: 2034864467}
--- !u!1 &27701272
GameObject:
  m_ObjectHideFlags: 0
  m_PrefabParentObject: {fileID: 100006, guid: 86f635fb2385a449d87c303fa9449afe, type: 3}
  m_PrefabInternal: {fileID: 1294171426}
  serializedVersion: 4
  m_Component:
  - 4: {fileID: 27701273}
  m_Layer: 0
  m_Name: Arm_L.002
  m_TagString: Untagged
  m_Icon: {fileID: 0}
  m_NavMeshLayer: 0
  m_StaticEditorFlags: 0
  m_IsActive: 1
--- !u!4 &27701273
Transform:
  m_ObjectHideFlags: 0
  m_PrefabParentObject: {fileID: 400006, guid: 86f635fb2385a449d87c303fa9449afe, type: 3}
  m_PrefabInternal: {fileID: 1294171426}
  m_GameObject: {fileID: 27701272}
  m_LocalRotation: {x: .303362399, y: .00441239914, z: -.0271169506, w: .952479124}
  m_LocalPosition: {x: -1.9324943e-10, y: .000936836412, z: 1.89902483e-10}
  m_LocalScale: {x: .999999821, y: .999999642, z: .999999762}
  m_Children:
  - {fileID: 637095298}
  m_Father: {fileID: 175988482}
  m_RootOrder: 0
--- !u!1 &107252878
GameObject:
  m_ObjectHideFlags: 0
  m_PrefabParentObject: {fileID: 0}
  m_PrefabInternal: {fileID: 0}
  serializedVersion: 4
  m_Component:
  - 224: {fileID: 107252882}
  - 223: {fileID: 107252881}
  - 114: {fileID: 107252880}
  - 114: {fileID: 107252879}
  - 212: {fileID: 107252883}
  - 222: {fileID: 107252885}
  - 114: {fileID: 107252884}
  m_Layer: 5
  m_Name: Canvas
  m_TagString: Untagged
  m_Icon: {fileID: 0}
  m_NavMeshLayer: 0
  m_StaticEditorFlags: 0
  m_IsActive: 1
--- !u!114 &107252879
MonoBehaviour:
  m_ObjectHideFlags: 0
  m_PrefabParentObject: {fileID: 0}
  m_PrefabInternal: {fileID: 0}
  m_GameObject: {fileID: 107252878}
  m_Enabled: 1
  m_EditorHideFlags: 0
  m_Script: {fileID: 1301386320, guid: f5f67c52d1564df4a8936ccd202a3bd8, type: 3}
  m_Name: 
  m_EditorClassIdentifier: 
  m_IgnoreReversedGraphics: 1
  m_BlockingObjects: 0
  m_BlockingMask:
    serializedVersion: 2
    m_Bits: 4294967295
--- !u!114 &107252880
MonoBehaviour:
  m_ObjectHideFlags: 0
  m_PrefabParentObject: {fileID: 0}
  m_PrefabInternal: {fileID: 0}
  m_GameObject: {fileID: 107252878}
  m_Enabled: 1
  m_EditorHideFlags: 0
  m_Script: {fileID: 1980459831, guid: f5f67c52d1564df4a8936ccd202a3bd8, type: 3}
  m_Name: 
  m_EditorClassIdentifier: 
  m_UiScaleMode: 1
  m_ReferencePixelsPerUnit: 100
  m_ScaleFactor: 1
  m_ReferenceResolution: {x: 640, y: 1136}
  m_ScreenMatchMode: 0
  m_MatchWidthOrHeight: 1
  m_PhysicalUnit: 3
  m_FallbackScreenDPI: 96
  m_DefaultSpriteDPI: 96
  m_DynamicPixelsPerUnit: 1
--- !u!223 &107252881
Canvas:
  m_ObjectHideFlags: 0
  m_PrefabParentObject: {fileID: 0}
  m_PrefabInternal: {fileID: 0}
  m_GameObject: {fileID: 107252878}
  m_Enabled: 1
  serializedVersion: 2
  m_RenderMode: 0
  m_Camera: {fileID: 0}
  m_PlaneDistance: 100
  m_PixelPerfect: 0
  m_ReceivesEvents: 1
  m_OverrideSorting: 0
  m_OverridePixelPerfect: 0
  m_SortingLayerID: 0
  m_SortingOrder: 0
--- !u!224 &107252882
RectTransform:
  m_ObjectHideFlags: 0
  m_PrefabParentObject: {fileID: 0}
  m_PrefabInternal: {fileID: 0}
  m_GameObject: {fileID: 107252878}
  m_LocalRotation: {x: 0, y: 0, z: 0, w: 1}
  m_LocalPosition: {x: 0, y: 0, z: 0}
  m_LocalScale: {x: 0, y: 0, z: 0}
  m_Children:
  - {fileID: 1644307929}
  - {fileID: 2049793083}
  - {fileID: 2034864470}
  - {fileID: 2055637611}
  m_Father: {fileID: 0}
  m_RootOrder: 1
  m_AnchorMin: {x: 0, y: 0}
  m_AnchorMax: {x: 0, y: 0}
  m_AnchoredPosition: {x: 0, y: 0}
  m_SizeDelta: {x: 0, y: 0}
  m_Pivot: {x: 0, y: 0}
--- !u!212 &107252883
SpriteRenderer:
  m_ObjectHideFlags: 0
  m_PrefabParentObject: {fileID: 0}
  m_PrefabInternal: {fileID: 0}
  m_GameObject: {fileID: 107252878}
  m_Enabled: 1
  m_CastShadows: 0
  m_ReceiveShadows: 0
  m_LightmapIndex: 255
  m_LightmapTilingOffset: {x: 1, y: 1, z: 0, w: 0}
  m_Materials:
  - {fileID: 10754, guid: 0000000000000000e000000000000000, type: 0}
  m_SubsetIndices: 
  m_StaticBatchRoot: {fileID: 0}
  m_UseLightProbes: 0
  m_LightProbeAnchor: {fileID: 0}
  m_ScaleInLightmap: 1
  m_SortingLayerID: 0
  m_SortingOrder: 0
  m_Sprite: {fileID: 0}
  m_Color: {r: 1, g: 1, b: 1, a: 1}
--- !u!114 &107252884
MonoBehaviour:
  m_ObjectHideFlags: 0
  m_PrefabParentObject: {fileID: 0}
  m_PrefabInternal: {fileID: 0}
  m_GameObject: {fileID: 107252878}
  m_Enabled: 1
  m_EditorHideFlags: 0
  m_Script: {fileID: 708705254, guid: f5f67c52d1564df4a8936ccd202a3bd8, type: 3}
  m_Name: 
  m_EditorClassIdentifier: 
  m_Material: {fileID: 0}
  m_Color: {r: 1, g: 1, b: 1, a: 1}
  m_FontData:
    m_Font: {fileID: 10102, guid: 0000000000000000e000000000000000, type: 0}
    m_FontSize: 14
    m_FontStyle: 0
    m_BestFit: 0
    m_MinSize: 10
    m_MaxSize: 40
    m_Alignment: 0
    m_RichText: 1
    m_HorizontalOverflow: 0
    m_VerticalOverflow: 0
    m_LineSpacing: 1
  m_Text: 
--- !u!222 &107252885
CanvasRenderer:
  m_ObjectHideFlags: 0
  m_PrefabParentObject: {fileID: 0}
  m_PrefabInternal: {fileID: 0}
  m_GameObject: {fileID: 107252878}
--- !u!1 &168865000
GameObject:
  m_ObjectHideFlags: 0
  m_PrefabParentObject: {fileID: 188838, guid: f75d09e85fd0b4bc8b0c8460b13ad85a, type: 2}
  m_PrefabInternal: {fileID: 727827601}
  serializedVersion: 4
  m_Component:
  - 4: {fileID: 168865002}
  - 114: {fileID: 168865001}
  - 82: {fileID: 168865003}
  m_Layer: 0
  m_Name: VoiceReceiver
  m_TagString: VoiceReceiver
  m_Icon: {fileID: 0}
  m_NavMeshLayer: 0
  m_StaticEditorFlags: 0
  m_IsActive: 1
--- !u!114 &168865001
MonoBehaviour:
  m_ObjectHideFlags: 0
  m_PrefabParentObject: {fileID: 11418138, guid: f75d09e85fd0b4bc8b0c8460b13ad85a,
    type: 2}
  m_PrefabInternal: {fileID: 727827601}
  m_GameObject: {fileID: 168865000}
  m_Enabled: 1
  m_EditorHideFlags: 0
  m_Script: {fileID: 11500000, guid: 1d016748ba9ae4efe86c5f8adce1ebc1, type: 3}
  m_Name: 
  m_EditorClassIdentifier: 
--- !u!4 &168865002
Transform:
  m_ObjectHideFlags: 0
  m_PrefabParentObject: {fileID: 488838, guid: f75d09e85fd0b4bc8b0c8460b13ad85a, type: 2}
  m_PrefabInternal: {fileID: 727827601}
  m_GameObject: {fileID: 168865000}
  m_LocalRotation: {x: 0, y: 0, z: 0, w: 1}
  m_LocalPosition: {x: 0, y: .240999997, z: 0}
  m_LocalScale: {x: 1, y: 1, z: 1}
  m_Children: []
  m_Father: {fileID: 0}
  m_RootOrder: 4
--- !u!82 &168865003
AudioSource:
  m_ObjectHideFlags: 0
  m_PrefabParentObject: {fileID: 8214954, guid: f75d09e85fd0b4bc8b0c8460b13ad85a,
    type: 2}
  m_PrefabInternal: {fileID: 727827601}
  m_GameObject: {fileID: 168865000}
  m_Enabled: 1
  serializedVersion: 3
  m_audioClip: {fileID: 0}
  m_PlayOnAwake: 1
  m_Volume: 1
  m_Pitch: 1
  Loop: 0
  Mute: 0
  Priority: 128
  DopplerLevel: 1
  MinDistance: 1
  MaxDistance: 500
  Pan2D: 0
  rolloffMode: 0
  BypassEffects: 0
  BypassListenerEffects: 0
  BypassReverbZones: 0
  rolloffCustomCurve:
    serializedVersion: 2
    m_Curve:
    - time: 0
      value: 1
      inSlope: 0
      outSlope: 0
      tangentMode: 0
    - time: 1
      value: 0
      inSlope: 0
      outSlope: 0
      tangentMode: 0
    m_PreInfinity: 2
    m_PostInfinity: 2
  panLevelCustomCurve:
    serializedVersion: 2
    m_Curve:
    - time: 0
      value: 1
      inSlope: 0
      outSlope: 0
      tangentMode: 0
    m_PreInfinity: 2
    m_PostInfinity: 2
  spreadCustomCurve:
    serializedVersion: 2
    m_Curve:
    - time: 0
      value: 0
      inSlope: 0
      outSlope: 0
      tangentMode: 0
    m_PreInfinity: 2
    m_PostInfinity: 2
--- !u!1 &175988481
GameObject:
  m_ObjectHideFlags: 0
  m_PrefabParentObject: {fileID: 100004, guid: 86f635fb2385a449d87c303fa9449afe, type: 3}
  m_PrefabInternal: {fileID: 1294171426}
  serializedVersion: 4
  m_Component:
  - 4: {fileID: 175988482}
  m_Layer: 0
  m_Name: Arm_L.001
  m_TagString: Untagged
  m_Icon: {fileID: 0}
  m_NavMeshLayer: 0
  m_StaticEditorFlags: 0
  m_IsActive: 1
--- !u!4 &175988482
Transform:
  m_ObjectHideFlags: 0
  m_PrefabParentObject: {fileID: 400004, guid: 86f635fb2385a449d87c303fa9449afe, type: 3}
  m_PrefabInternal: {fileID: 1294171426}
  m_GameObject: {fileID: 175988481}
  m_LocalRotation: {x: .165770262, y: -.00458575832, z: -.0310474131, w: .985664904}
  m_LocalPosition: {x: 1.35041769e-10, y: .00136043411, z: 4.65661277e-12}
  m_LocalScale: {x: .99999994, y: .999999821, z: .999999881}
  m_Children:
  - {fileID: 27701273}
  m_Father: {fileID: 479491734}
  m_RootOrder: 0
--- !u!1 &205202224
GameObject:
  m_ObjectHideFlags: 0
  m_PrefabParentObject: {fileID: 100024, guid: 86f635fb2385a449d87c303fa9449afe, type: 3}
  m_PrefabInternal: {fileID: 1294171426}
  serializedVersion: 4
  m_Component:
  - 4: {fileID: 205202225}
  m_Layer: 0
  m_Name: Head_end
  m_TagString: Untagged
  m_Icon: {fileID: 0}
  m_NavMeshLayer: 0
  m_StaticEditorFlags: 0
  m_IsActive: 1
--- !u!4 &205202225
Transform:
  m_ObjectHideFlags: 0
  m_PrefabParentObject: {fileID: 400024, guid: 86f635fb2385a449d87c303fa9449afe, type: 3}
  m_PrefabInternal: {fileID: 1294171426}
  m_GameObject: {fileID: 205202224}
  m_LocalRotation: {x: 0, y: -0, z: -0, w: 1}
  m_LocalPosition: {x: -0, y: .0105919633, z: 0}
  m_LocalScale: {x: 1, y: 1, z: 1}
  m_Children: []
  m_Father: {fileID: 1580637215}
  m_RootOrder: 0
--- !u!1 &239254760
GameObject:
  m_ObjectHideFlags: 0
  m_PrefabParentObject: {fileID: 100044, guid: 86f635fb2385a449d87c303fa9449afe, type: 3}
  m_PrefabInternal: {fileID: 1294171426}
  serializedVersion: 4
  m_Component:
  - 4: {fileID: 239254761}
  m_Layer: 0
  m_Name: Leg_R.003_end
  m_TagString: Untagged
  m_Icon: {fileID: 0}
  m_NavMeshLayer: 0
  m_StaticEditorFlags: 0
  m_IsActive: 1
--- !u!4 &239254761
Transform:
  m_ObjectHideFlags: 0
  m_PrefabParentObject: {fileID: 400044, guid: 86f635fb2385a449d87c303fa9449afe, type: 3}
  m_PrefabInternal: {fileID: 1294171426}
  m_GameObject: {fileID: 239254760}
  m_LocalRotation: {x: 0, y: -0, z: -0, w: 1}
  m_LocalPosition: {x: -0, y: .00210568681, z: 0}
  m_LocalScale: {x: 1, y: 1, z: 1}
  m_Children: []
  m_Father: {fileID: 354480838}
  m_RootOrder: 0
--- !u!1001 &317171434
Prefab:
  m_ObjectHideFlags: 0
  serializedVersion: 2
  m_Modification:
    m_TransformParent: {fileID: 0}
    m_Modifications:
    - target: {fileID: 434908, guid: 9ccb091099b074360a6b4b5269c84fb5, type: 2}
      propertyPath: m_LocalPosition.x
      value: 0
      objectReference: {fileID: 0}
    - target: {fileID: 434908, guid: 9ccb091099b074360a6b4b5269c84fb5, type: 2}
      propertyPath: m_LocalPosition.y
      value: 0
      objectReference: {fileID: 0}
    - target: {fileID: 434908, guid: 9ccb091099b074360a6b4b5269c84fb5, type: 2}
      propertyPath: m_LocalPosition.z
      value: 0
      objectReference: {fileID: 0}
    - target: {fileID: 434908, guid: 9ccb091099b074360a6b4b5269c84fb5, type: 2}
      propertyPath: m_LocalRotation.x
      value: 0
      objectReference: {fileID: 0}
    - target: {fileID: 434908, guid: 9ccb091099b074360a6b4b5269c84fb5, type: 2}
      propertyPath: m_LocalRotation.y
      value: 0
      objectReference: {fileID: 0}
    - target: {fileID: 434908, guid: 9ccb091099b074360a6b4b5269c84fb5, type: 2}
      propertyPath: m_LocalRotation.z
      value: 0
      objectReference: {fileID: 0}
    - target: {fileID: 434908, guid: 9ccb091099b074360a6b4b5269c84fb5, type: 2}
      propertyPath: m_LocalRotation.w
      value: 1
      objectReference: {fileID: 0}
    - target: {fileID: 434908, guid: 9ccb091099b074360a6b4b5269c84fb5, type: 2}
      propertyPath: m_RootOrder
      value: 3
      objectReference: {fileID: 0}
    - target: {fileID: 11448482, guid: 9ccb091099b074360a6b4b5269c84fb5, type: 2}
      propertyPath: Hi1
      value: 
      objectReference: {fileID: 1644307928}
    - target: {fileID: 11448482, guid: 9ccb091099b074360a6b4b5269c84fb5, type: 2}
      propertyPath: Hi2
      value: 
      objectReference: {fileID: 2049793082}
    - target: {fileID: 11448482, guid: 9ccb091099b074360a6b4b5269c84fb5, type: 2}
      propertyPath: Fu
      value: 
      objectReference: {fileID: 2034864467}
    m_RemovedComponents: []
  m_ParentPrefab: {fileID: 100100000, guid: 9ccb091099b074360a6b4b5269c84fb5, type: 2}
  m_RootGameObject: {fileID: 14833133}
  m_IsPrefabParent: 0
  m_IsExploded: 1
--- !u!1 &324106081
GameObject:
  m_ObjectHideFlags: 0
  m_PrefabParentObject: {fileID: 100048, guid: 86f635fb2385a449d87c303fa9449afe, type: 3}
  m_PrefabInternal: {fileID: 1294171426}
  serializedVersion: 4
  m_Component:
  - 4: {fileID: 324106082}
  m_Layer: 0
  m_Name: Neck
  m_TagString: Untagged
  m_Icon: {fileID: 0}
  m_NavMeshLayer: 0
  m_StaticEditorFlags: 0
  m_IsActive: 1
--- !u!4 &324106082
Transform:
  m_ObjectHideFlags: 0
  m_PrefabParentObject: {fileID: 400048, guid: 86f635fb2385a449d87c303fa9449afe, type: 3}
  m_PrefabInternal: {fileID: 1294171426}
  m_GameObject: {fileID: 324106081}
  m_LocalRotation: {x: .390930325, y: -1.64233452e-17, z: -1.63328691e-16, w: .920420289}
  m_LocalPosition: {x: 3.7223126e-26, y: .00237168279, z: 0}
  m_LocalScale: {x: 1, y: 1, z: 1}
  m_Children:
  - {fileID: 1580637215}
  m_Father: {fileID: 1422998290}
  m_RootOrder: 1
--- !u!1 &340371369
GameObject:
  m_ObjectHideFlags: 0
  m_PrefabParentObject: {fileID: 100014, guid: 86f635fb2385a449d87c303fa9449afe, type: 3}
  m_PrefabInternal: {fileID: 1294171426}
  serializedVersion: 4
  m_Component:
  - 4: {fileID: 340371370}
  m_Layer: 0
  m_Name: Arm_R.002
  m_TagString: Untagged
  m_Icon: {fileID: 0}
  m_NavMeshLayer: 0
  m_StaticEditorFlags: 0
  m_IsActive: 1
--- !u!4 &340371370
Transform:
  m_ObjectHideFlags: 0
  m_PrefabParentObject: {fileID: 400014, guid: 86f635fb2385a449d87c303fa9449afe, type: 3}
  m_PrefabInternal: {fileID: 1294171426}
  m_GameObject: {fileID: 340371369}
  m_LocalRotation: {x: .052166421, y: .903572619, z: .357207179, w: .230734035}
  m_LocalPosition: {x: -7.45058043e-11, y: .000936836586, z: 0}
  m_LocalScale: {x: .999999642, y: .999999702, z: .999999702}
  m_Children:
  - {fileID: 1945019844}
  m_Father: {fileID: 1338372941}
  m_RootOrder: 0
--- !u!1 &354480837
GameObject:
  m_ObjectHideFlags: 0
  m_PrefabParentObject: {fileID: 100042, guid: 86f635fb2385a449d87c303fa9449afe, type: 3}
  m_PrefabInternal: {fileID: 1294171426}
  serializedVersion: 4
  m_Component:
  - 4: {fileID: 354480838}
  m_Layer: 0
  m_Name: Leg_R.003
  m_TagString: Untagged
  m_Icon: {fileID: 0}
  m_NavMeshLayer: 0
  m_StaticEditorFlags: 0
  m_IsActive: 1
--- !u!4 &354480838
Transform:
  m_ObjectHideFlags: 0
  m_PrefabParentObject: {fileID: 400042, guid: 86f635fb2385a449d87c303fa9449afe, type: 3}
  m_PrefabInternal: {fileID: 1294171426}
  m_GameObject: {fileID: 354480837}
  m_LocalRotation: {x: .649481595, y: -.129926786, z: -.157639414, w: .732422352}
  m_LocalPosition: {x: -9.77888673e-11, y: .00182774372, z: -1.11758706e-10}
  m_LocalScale: {x: .99999994, y: .999999881, z: .999999881}
  m_Children:
  - {fileID: 239254761}
  m_Father: {fileID: 1868988831}
  m_RootOrder: 0
--- !u!1 &369536517
GameObject:
  m_ObjectHideFlags: 0
  m_PrefabParentObject: {fileID: 100018, guid: 86f635fb2385a449d87c303fa9449afe, type: 3}
  m_PrefabInternal: {fileID: 1294171426}
  serializedVersion: 4
  m_Component:
  - 4: {fileID: 369536518}
  m_Layer: 0
  m_Name: Armature
  m_TagString: Untagged
  m_Icon: {fileID: 0}
  m_NavMeshLayer: 0
  m_StaticEditorFlags: 0
  m_IsActive: 1
--- !u!4 &369536518
Transform:
  m_ObjectHideFlags: 0
  m_PrefabParentObject: {fileID: 400018, guid: 86f635fb2385a449d87c303fa9449afe, type: 3}
  m_PrefabInternal: {fileID: 1294171426}
  m_GameObject: {fileID: 369536517}
  m_LocalRotation: {x: 2.18556941e-08, y: -1.11022316e-16, z: 1.11022316e-16, w: 1}
  m_LocalPosition: {x: 0, y: 0, z: 0}
  m_LocalScale: {x: 100, y: 100, z: 100}
  m_Children:
  - {fileID: 1110214443}
  m_Father: {fileID: 1436557125}
  m_RootOrder: 0
--- !u!1 &479491733
GameObject:
  m_ObjectHideFlags: 0
  m_PrefabParentObject: {fileID: 100002, guid: 86f635fb2385a449d87c303fa9449afe, type: 3}
  m_PrefabInternal: {fileID: 1294171426}
  serializedVersion: 4
  m_Component:
  - 4: {fileID: 479491734}
  m_Layer: 0
  m_Name: Arm_L
  m_TagString: Untagged
  m_Icon: {fileID: 0}
  m_NavMeshLayer: 0
  m_StaticEditorFlags: 0
  m_IsActive: 1
--- !u!4 &479491734
Transform:
  m_ObjectHideFlags: 0
  m_PrefabParentObject: {fileID: 400002, guid: 86f635fb2385a449d87c303fa9449afe, type: 3}
  m_PrefabInternal: {fileID: 1294171426}
  m_GameObject: {fileID: 479491733}
  m_LocalRotation: {x: .101758897, y: -.00345472852, z: .0177368671, w: .994645}
  m_LocalPosition: {x: -1.7753337e-11, y: .00362470001, z: 2.27009869e-10}
  m_LocalScale: {x: 1.00000012, y: 1, z: 1}
  m_Children:
  - {fileID: 175988482}
  m_Father: {fileID: 1819029784}
  m_RootOrder: 0
--- !u!1 &571796141
GameObject:
  m_ObjectHideFlags: 0
  m_PrefabParentObject: {fileID: 100028, guid: 86f635fb2385a449d87c303fa9449afe, type: 3}
  m_PrefabInternal: {fileID: 1294171426}
  serializedVersion: 4
  m_Component:
  - 4: {fileID: 571796142}
  m_Layer: 0
  m_Name: Leg_L.001
  m_TagString: Untagged
  m_Icon: {fileID: 0}
  m_NavMeshLayer: 0
  m_StaticEditorFlags: 0
  m_IsActive: 1
--- !u!4 &571796142
Transform:
  m_ObjectHideFlags: 0
  m_PrefabParentObject: {fileID: 400028, guid: 86f635fb2385a449d87c303fa9449afe, type: 3}
  m_PrefabInternal: {fileID: 1294171426}
  m_GameObject: {fileID: 571796141}
  m_LocalRotation: {x: .323219597, y: .128031567, z: .340246499, w: .873710155}
  m_LocalPosition: {x: 3.35276112e-10, y: .00283683208, z: -2.23517413e-10}
  m_LocalScale: {x: .99999994, y: .99999994, z: 1.00000012}
  m_Children:
  - {fileID: 627829494}
  m_Father: {fileID: 600135167}
  m_RootOrder: 0
--- !u!1 &600135166
GameObject:
  m_ObjectHideFlags: 0
  m_PrefabParentObject: {fileID: 100026, guid: 86f635fb2385a449d87c303fa9449afe, type: 3}
  m_PrefabInternal: {fileID: 1294171426}
  serializedVersion: 4
  m_Component:
  - 4: {fileID: 600135167}
  m_Layer: 0
  m_Name: Leg_L
  m_TagString: Untagged
  m_Icon: {fileID: 0}
  m_NavMeshLayer: 0
  m_StaticEditorFlags: 0
  m_IsActive: 1
--- !u!4 &600135167
Transform:
  m_ObjectHideFlags: 0
  m_PrefabParentObject: {fileID: 400026, guid: 86f635fb2385a449d87c303fa9449afe, type: 3}
  m_PrefabInternal: {fileID: 1294171426}
  m_GameObject: {fileID: 600135166}
  m_LocalRotation: {x: .280682683, y: -.10807047, z: -.634137452, w: .712325633}
  m_LocalPosition: {x: 6.73943419e-17, y: .00320919091, z: 0}
  m_LocalScale: {x: .999999881, y: 1, z: .99999994}
  m_Children:
  - {fileID: 571796142}
  m_Father: {fileID: 1485515627}
  m_RootOrder: 0
--- !u!1 &627829493
GameObject:
  m_ObjectHideFlags: 0
  m_PrefabParentObject: {fileID: 100030, guid: 86f635fb2385a449d87c303fa9449afe, type: 3}
  m_PrefabInternal: {fileID: 1294171426}
  serializedVersion: 4
  m_Component:
  - 4: {fileID: 627829494}
  m_Layer: 0
  m_Name: Leg_L.002
  m_TagString: Untagged
  m_Icon: {fileID: 0}
  m_NavMeshLayer: 0
  m_StaticEditorFlags: 0
  m_IsActive: 1
--- !u!4 &627829494
Transform:
  m_ObjectHideFlags: 0
  m_PrefabParentObject: {fileID: 400030, guid: 86f635fb2385a449d87c303fa9449afe, type: 3}
  m_PrefabInternal: {fileID: 1294171426}
  m_GameObject: {fileID: 627829493}
  m_LocalRotation: {x: -.539368272, y: .270293891, z: .330827862, w: .725655615}
  m_LocalPosition: {x: 6.98491915e-12, y: .00228457898, z: -2.23517413e-10}
  m_LocalScale: {x: .999999642, y: .999999881, z: .999999762}
  m_Children:
  - {fileID: 928851830}
  m_Father: {fileID: 571796142}
  m_RootOrder: 0
--- !u!1 &637095297
GameObject:
  m_ObjectHideFlags: 0
  m_PrefabParentObject: {fileID: 100008, guid: 86f635fb2385a449d87c303fa9449afe, type: 3}
  m_PrefabInternal: {fileID: 1294171426}
  serializedVersion: 4
  m_Component:
  - 4: {fileID: 637095298}
  m_Layer: 0
  m_Name: Arm_L.002_end
  m_TagString: Untagged
  m_Icon: {fileID: 0}
  m_NavMeshLayer: 0
  m_StaticEditorFlags: 0
  m_IsActive: 1
--- !u!4 &637095298
Transform:
  m_ObjectHideFlags: 0
  m_PrefabParentObject: {fileID: 400008, guid: 86f635fb2385a449d87c303fa9449afe, type: 3}
  m_PrefabInternal: {fileID: 1294171426}
  m_GameObject: {fileID: 637095297}
  m_LocalRotation: {x: 0, y: -0, z: -0, w: 1}
  m_LocalPosition: {x: -0, y: .00271124137, z: 0}
  m_LocalScale: {x: 1, y: 1, z: 1}
  m_Children: []
  m_Father: {fileID: 27701273}
  m_RootOrder: 0
--- !u!1001 &727827601
Prefab:
  m_ObjectHideFlags: 0
  serializedVersion: 2
  m_Modification:
    m_TransformParent: {fileID: 0}
    m_Modifications:
    - target: {fileID: 488838, guid: f75d09e85fd0b4bc8b0c8460b13ad85a, type: 2}
      propertyPath: m_LocalPosition.x
      value: 0
      objectReference: {fileID: 0}
    - target: {fileID: 488838, guid: f75d09e85fd0b4bc8b0c8460b13ad85a, type: 2}
      propertyPath: m_LocalPosition.y
      value: .240999997
      objectReference: {fileID: 0}
    - target: {fileID: 488838, guid: f75d09e85fd0b4bc8b0c8460b13ad85a, type: 2}
      propertyPath: m_LocalPosition.z
      value: 0
      objectReference: {fileID: 0}
    - target: {fileID: 488838, guid: f75d09e85fd0b4bc8b0c8460b13ad85a, type: 2}
      propertyPath: m_LocalRotation.x
      value: 0
      objectReference: {fileID: 0}
    - target: {fileID: 488838, guid: f75d09e85fd0b4bc8b0c8460b13ad85a, type: 2}
      propertyPath: m_LocalRotation.y
      value: 0
      objectReference: {fileID: 0}
    - target: {fileID: 488838, guid: f75d09e85fd0b4bc8b0c8460b13ad85a, type: 2}
      propertyPath: m_LocalRotation.z
      value: 0
      objectReference: {fileID: 0}
    - target: {fileID: 488838, guid: f75d09e85fd0b4bc8b0c8460b13ad85a, type: 2}
      propertyPath: m_LocalRotation.w
      value: 1
      objectReference: {fileID: 0}
    - target: {fileID: 488838, guid: f75d09e85fd0b4bc8b0c8460b13ad85a, type: 2}
      propertyPath: m_RootOrder
      value: 4
      objectReference: {fileID: 0}
    m_RemovedComponents: []
  m_ParentPrefab: {fileID: 100100000, guid: f75d09e85fd0b4bc8b0c8460b13ad85a, type: 2}
  m_RootGameObject: {fileID: 168865000}
  m_IsPrefabParent: 0
  m_IsExploded: 1
--- !u!1001 &783654230
Prefab:
  m_ObjectHideFlags: 0
  serializedVersion: 2
  m_Modification:
    m_TransformParent: {fileID: 0}
    m_Modifications:
    - target: {fileID: 464728, guid: b6b5d2fc041fa48ffaf226d7f35ac523, type: 2}
      propertyPath: m_LocalPosition.x
      value: 0
      objectReference: {fileID: 0}
    - target: {fileID: 464728, guid: b6b5d2fc041fa48ffaf226d7f35ac523, type: 2}
      propertyPath: m_LocalPosition.y
      value: 0
      objectReference: {fileID: 0}
    - target: {fileID: 464728, guid: b6b5d2fc041fa48ffaf226d7f35ac523, type: 2}
      propertyPath: m_LocalPosition.z
      value: 0
      objectReference: {fileID: 0}
    - target: {fileID: 464728, guid: b6b5d2fc041fa48ffaf226d7f35ac523, type: 2}
      propertyPath: m_LocalRotation.x
      value: 0
      objectReference: {fileID: 0}
    - target: {fileID: 464728, guid: b6b5d2fc041fa48ffaf226d7f35ac523, type: 2}
      propertyPath: m_LocalRotation.y
      value: 0
      objectReference: {fileID: 0}
    - target: {fileID: 464728, guid: b6b5d2fc041fa48ffaf226d7f35ac523, type: 2}
      propertyPath: m_LocalRotation.z
      value: 0
      objectReference: {fileID: 0}
    - target: {fileID: 464728, guid: b6b5d2fc041fa48ffaf226d7f35ac523, type: 2}
      propertyPath: m_LocalRotation.w
      value: 1
      objectReference: {fileID: 0}
    - target: {fileID: 464728, guid: b6b5d2fc041fa48ffaf226d7f35ac523, type: 2}
      propertyPath: m_RootOrder
      value: 8
      objectReference: {fileID: 0}
    m_RemovedComponents: []
  m_ParentPrefab: {fileID: 100100000, guid: b6b5d2fc041fa48ffaf226d7f35ac523, type: 2}
  m_RootGameObject: {fileID: 1025352865}
  m_IsPrefabParent: 0
  m_IsExploded: 1
--- !u!1 &884277201
GameObject:
  m_ObjectHideFlags: 0
  m_PrefabParentObject: {fileID: 100054, guid: 86f635fb2385a449d87c303fa9449afe, type: 3}
  m_PrefabInternal: {fileID: 1294171426}
  serializedVersion: 4
  m_Component:
  - 4: {fileID: 884277202}
  m_Layer: 0
  m_Name: Sholder_R
  m_TagString: Untagged
  m_Icon: {fileID: 0}
  m_NavMeshLayer: 0
  m_StaticEditorFlags: 0
  m_IsActive: 1
--- !u!4 &884277202
Transform:
  m_ObjectHideFlags: 0
  m_PrefabParentObject: {fileID: 400054, guid: 86f635fb2385a449d87c303fa9449afe, type: 3}
  m_PrefabInternal: {fileID: 1294171426}
  m_GameObject: {fileID: 884277201}
  m_LocalRotation: {x: .689151943, y: .621427715, z: .35923478, w: -.0992350131}
  m_LocalPosition: {x: .000105552812, y: .00229989667, z: .000569396303}
  m_LocalScale: {x: 1.00000012, y: .999999881, z: 1}
  m_Children:
  - {fileID: 1272061406}
  m_Father: {fileID: 1422998290}
  m_RootOrder: 3
--- !u!1 &904050678
GameObject:
  m_ObjectHideFlags: 0
  m_PrefabParentObject: {fileID: 100036, guid: 86f635fb2385a449d87c303fa9449afe, type: 3}
  m_PrefabInternal: {fileID: 1294171426}
  serializedVersion: 4
  m_Component:
  - 4: {fileID: 904050679}
  m_Layer: 0
  m_Name: Leg_R
  m_TagString: Untagged
  m_Icon: {fileID: 0}
  m_NavMeshLayer: 0
  m_StaticEditorFlags: 0
  m_IsActive: 1
--- !u!4 &904050679
Transform:
  m_ObjectHideFlags: 0
  m_PrefabParentObject: {fileID: 400036, guid: 86f635fb2385a449d87c303fa9449afe, type: 3}
  m_PrefabInternal: {fileID: 1294171426}
  m_GameObject: {fileID: 904050678}
  m_LocalRotation: {x: -.66592437, y: .682135403, z: .0875708535, w: .289080173}
  m_LocalPosition: {x: -9.77894765e-10, y: .00301207835, z: .00110737584}
  m_LocalScale: {x: 1.00000012, y: 1, z: .999999881}
  m_Children:
  - {fileID: 1542944554}
  m_Father: {fileID: 1485515627}
  m_RootOrder: 1
--- !u!1 &928851829
GameObject:
  m_ObjectHideFlags: 0
  m_PrefabParentObject: {fileID: 100032, guid: 86f635fb2385a449d87c303fa9449afe, type: 3}
  m_PrefabInternal: {fileID: 1294171426}
  serializedVersion: 4
  m_Component:
  - 4: {fileID: 928851830}
  m_Layer: 0
  m_Name: Leg_L.003
  m_TagString: Untagged
  m_Icon: {fileID: 0}
  m_NavMeshLayer: 0
  m_StaticEditorFlags: 0
  m_IsActive: 1
--- !u!4 &928851830
Transform:
  m_ObjectHideFlags: 0
  m_PrefabParentObject: {fileID: 400032, guid: 86f635fb2385a449d87c303fa9449afe, type: 3}
  m_PrefabInternal: {fileID: 1294171426}
  m_GameObject: {fileID: 928851829}
  m_LocalRotation: {x: .652360976, y: .00929115899, z: -.0644361824, w: .755107164}
  m_LocalPosition: {x: 2.98023217e-10, y: .00182774325, z: 3.72529008e-10}
  m_LocalScale: {x: .999999821, y: .999999821, z: .999999762}
  m_Children:
  - {fileID: 1901543759}
  m_Father: {fileID: 627829494}
  m_RootOrder: 0
--- !u!1 &1025352865
GameObject:
  m_ObjectHideFlags: 0
  m_PrefabParentObject: {fileID: 164728, guid: b6b5d2fc041fa48ffaf226d7f35ac523, type: 2}
  m_PrefabInternal: {fileID: 783654230}
  serializedVersion: 4
  m_Component:
  - 4: {fileID: 1025352869}
  - 33: {fileID: 1025352868}
  - 64: {fileID: 1025352867}
  - 23: {fileID: 1025352866}
  m_Layer: 0
  m_Name: Bg
  m_TagString: Untagged
  m_Icon: {fileID: 0}
  m_NavMeshLayer: 0
  m_StaticEditorFlags: 0
  m_IsActive: 1
--- !u!23 &1025352866
Renderer:
  m_ObjectHideFlags: 0
  m_PrefabParentObject: {fileID: 2364728, guid: b6b5d2fc041fa48ffaf226d7f35ac523,
    type: 2}
  m_PrefabInternal: {fileID: 783654230}
  m_GameObject: {fileID: 1025352865}
  m_Enabled: 1
  m_CastShadows: 1
  m_ReceiveShadows: 1
  m_LightmapIndex: 255
  m_LightmapTilingOffset: {x: 1, y: 1, z: 0, w: 0}
  m_Materials:
  - {fileID: 2100000, guid: 1aad93b96d7ff49f8845d744ed3e5c68, type: 2}
  m_SubsetIndices: 
  m_StaticBatchRoot: {fileID: 0}
  m_UseLightProbes: 0
  m_LightProbeAnchor: {fileID: 0}
  m_ScaleInLightmap: 1
  m_SortingLayerID: 0
  m_SortingOrder: 0
--- !u!64 &1025352867
MeshCollider:
  m_ObjectHideFlags: 0
  m_PrefabParentObject: {fileID: 6464728, guid: b6b5d2fc041fa48ffaf226d7f35ac523,
    type: 2}
  m_PrefabInternal: {fileID: 783654230}
  m_GameObject: {fileID: 1025352865}
  m_Material: {fileID: 0}
  m_IsTrigger: 0
  m_Enabled: 1
  serializedVersion: 2
  m_SmoothSphereCollisions: 0
  m_Convex: 0
  m_Mesh: {fileID: 10210, guid: 0000000000000000e000000000000000, type: 0}
--- !u!33 &1025352868
MeshFilter:
  m_ObjectHideFlags: 0
  m_PrefabParentObject: {fileID: 3364728, guid: b6b5d2fc041fa48ffaf226d7f35ac523,
    type: 2}
  m_PrefabInternal: {fileID: 783654230}
  m_GameObject: {fileID: 1025352865}
  m_Mesh: {fileID: 10210, guid: 0000000000000000e000000000000000, type: 0}
--- !u!4 &1025352869
Transform:
  m_ObjectHideFlags: 0
  m_PrefabParentObject: {fileID: 464728, guid: b6b5d2fc041fa48ffaf226d7f35ac523, type: 2}
  m_PrefabInternal: {fileID: 783654230}
  m_GameObject: {fileID: 1025352865}
  m_LocalRotation: {x: 0, y: 0, z: 0, w: 1}
  m_LocalPosition: {x: 0, y: 0, z: 0}
  m_LocalScale: {x: 6.4000001, y: 11.3599997, z: 1}
  m_Children: []
  m_Father: {fileID: 0}
  m_RootOrder: 8
--- !u!1001 &1060994877
Prefab:
  m_ObjectHideFlags: 0
  serializedVersion: 2
  m_Modification:
    m_TransformParent: {fileID: 0}
    m_Modifications:
    - target: {fileID: 426506, guid: 9468881b52476476daff25ad755a0152, type: 2}
      propertyPath: m_LocalPosition.x
      value: 0
      objectReference: {fileID: 0}
    - target: {fileID: 426506, guid: 9468881b52476476daff25ad755a0152, type: 2}
      propertyPath: m_LocalPosition.y
      value: 0
      objectReference: {fileID: 0}
    - target: {fileID: 426506, guid: 9468881b52476476daff25ad755a0152, type: 2}
      propertyPath: m_LocalPosition.z
      value: 0
      objectReference: {fileID: 0}
    - target: {fileID: 426506, guid: 9468881b52476476daff25ad755a0152, type: 2}
      propertyPath: m_LocalRotation.x
      value: 0
      objectReference: {fileID: 0}
    - target: {fileID: 426506, guid: 9468881b52476476daff25ad755a0152, type: 2}
      propertyPath: m_LocalRotation.y
      value: 0
      objectReference: {fileID: 0}
    - target: {fileID: 426506, guid: 9468881b52476476daff25ad755a0152, type: 2}
      propertyPath: m_LocalRotation.z
      value: 0
      objectReference: {fileID: 0}
    - target: {fileID: 426506, guid: 9468881b52476476daff25ad755a0152, type: 2}
      propertyPath: m_LocalRotation.w
      value: 1
      objectReference: {fileID: 0}
    - target: {fileID: 426506, guid: 9468881b52476476daff25ad755a0152, type: 2}
      propertyPath: m_RootOrder
      value: 5
      objectReference: {fileID: 0}
    - target: {fileID: 11427290, guid: 9468881b52476476daff25ad755a0152, type: 2}
      propertyPath: timeText
      value: 
      objectReference: {fileID: 2055637612}
    m_RemovedComponents: []
  m_ParentPrefab: {fileID: 100100000, guid: 9468881b52476476daff25ad755a0152, type: 2}
  m_RootGameObject: {fileID: 1889592859}
  m_IsPrefabParent: 0
  m_IsExploded: 1
--- !u!1 &1110214442
GameObject:
  m_ObjectHideFlags: 0
  m_PrefabParentObject: {fileID: 100050, guid: 86f635fb2385a449d87c303fa9449afe, type: 3}
  m_PrefabInternal: {fileID: 1294171426}
  serializedVersion: 4
  m_Component:
  - 4: {fileID: 1110214443}
  m_Layer: 0
  m_Name: Root
  m_TagString: Untagged
  m_Icon: {fileID: 0}
  m_NavMeshLayer: 0
  m_StaticEditorFlags: 0
  m_IsActive: 1
--- !u!4 &1110214443
Transform:
  m_ObjectHideFlags: 0
  m_PrefabParentObject: {fileID: 400050, guid: 86f635fb2385a449d87c303fa9449afe, type: 3}
  m_PrefabInternal: {fileID: 1294171426}
  m_GameObject: {fileID: 1110214442}
  m_LocalRotation: {x: .707106829, y: 5.59070003e-31, z: 6.86309461e-24, w: .707106709}
  m_LocalPosition: {x: -0, y: 0, z: 0}
  m_LocalScale: {x: 1, y: 1, z: 1}
  m_Children:
  - {fileID: 1422998290}
  m_Father: {fileID: 369536518}
  m_RootOrder: 0
--- !u!1 &1241169058
GameObject:
  m_ObjectHideFlags: 0
  m_PrefabParentObject: {fileID: 0}
  m_PrefabInternal: {fileID: 0}
  serializedVersion: 4
  m_Component:
  - 4: {fileID: 1241169062}
  - 114: {fileID: 1241169061}
  - 114: {fileID: 1241169060}
  - 114: {fileID: 1241169059}
  m_Layer: 0
  m_Name: EventSystem
  m_TagString: Untagged
  m_Icon: {fileID: 0}
  m_NavMeshLayer: 0
  m_StaticEditorFlags: 0
  m_IsActive: 1
--- !u!114 &1241169059
MonoBehaviour:
  m_ObjectHideFlags: 0
  m_PrefabParentObject: {fileID: 0}
  m_PrefabInternal: {fileID: 0}
  m_GameObject: {fileID: 1241169058}
  m_Enabled: 1
  m_EditorHideFlags: 0
  m_Script: {fileID: 1997211142, guid: f5f67c52d1564df4a8936ccd202a3bd8, type: 3}
  m_Name: 
  m_EditorClassIdentifier: 
  m_AllowActivationOnStandalone: 0
--- !u!114 &1241169060
MonoBehaviour:
  m_ObjectHideFlags: 0
  m_PrefabParentObject: {fileID: 0}
  m_PrefabInternal: {fileID: 0}
  m_GameObject: {fileID: 1241169058}
  m_Enabled: 1
  m_EditorHideFlags: 0
  m_Script: {fileID: 1077351063, guid: f5f67c52d1564df4a8936ccd202a3bd8, type: 3}
  m_Name: 
  m_EditorClassIdentifier: 
  m_HorizontalAxis: Horizontal
  m_VerticalAxis: Vertical
  m_SubmitButton: Submit
  m_CancelButton: Cancel
  m_InputActionsPerSecond: 10
  m_AllowActivationOnMobileDevice: 0
--- !u!114 &1241169061
MonoBehaviour:
  m_ObjectHideFlags: 0
  m_PrefabParentObject: {fileID: 0}
  m_PrefabInternal: {fileID: 0}
  m_GameObject: {fileID: 1241169058}
  m_Enabled: 1
  m_EditorHideFlags: 0
  m_Script: {fileID: -619905303, guid: f5f67c52d1564df4a8936ccd202a3bd8, type: 3}
  m_Name: 
  m_EditorClassIdentifier: 
  m_FirstSelected: {fileID: 0}
  m_sendNavigationEvents: 1
  m_DragThreshold: 5
--- !u!4 &1241169062
Transform:
  m_ObjectHideFlags: 0
  m_PrefabParentObject: {fileID: 0}
  m_PrefabInternal: {fileID: 0}
  m_GameObject: {fileID: 1241169058}
  m_LocalRotation: {x: 0, y: 0, z: 0, w: 1}
  m_LocalPosition: {x: 0, y: 0, z: 0}
  m_LocalScale: {x: 1, y: 1, z: 1}
  m_Children: []
  m_Father: {fileID: 0}
  m_RootOrder: 2
--- !u!1 &1272061405
GameObject:
  m_ObjectHideFlags: 0
  m_PrefabParentObject: {fileID: 100010, guid: 86f635fb2385a449d87c303fa9449afe, type: 3}
  m_PrefabInternal: {fileID: 1294171426}
  serializedVersion: 4
  m_Component:
  - 4: {fileID: 1272061406}
  m_Layer: 0
  m_Name: Arm_R
  m_TagString: Untagged
  m_Icon: {fileID: 0}
  m_NavMeshLayer: 0
  m_StaticEditorFlags: 0
  m_IsActive: 1
--- !u!4 &1272061406
Transform:
  m_ObjectHideFlags: 0
  m_PrefabParentObject: {fileID: 400010, guid: 86f635fb2385a449d87c303fa9449afe, type: 3}
  m_PrefabInternal: {fileID: 1294171426}
  m_GameObject: {fileID: 1272061405}
  m_LocalRotation: {x: -.121966772, y: .609493732, z: -.140703961, w: .770612657}
  m_LocalPosition: {x: 5.58793532e-11, y: .00362469931, z: 0}
  m_LocalScale: {x: 1, y: .99999994, z: .999999762}
  m_Children:
  - {fileID: 1338372941}
  m_Father: {fileID: 884277202}
  m_RootOrder: 0
--- !u!1001 &1294171426
Prefab:
  m_ObjectHideFlags: 0
  serializedVersion: 2
  m_Modification:
    m_TransformParent: {fileID: 2007589742}
    m_Modifications:
    - target: {fileID: 400000, guid: 86f635fb2385a449d87c303fa9449afe, type: 3}
      propertyPath: m_LocalPosition.x
      value: -.219999999
      objectReference: {fileID: 0}
    - target: {fileID: 400000, guid: 86f635fb2385a449d87c303fa9449afe, type: 3}
      propertyPath: m_LocalPosition.y
      value: .860000014
      objectReference: {fileID: 0}
    - target: {fileID: 400000, guid: 86f635fb2385a449d87c303fa9449afe, type: 3}
      propertyPath: m_LocalPosition.z
      value: 0
      objectReference: {fileID: 0}
    - target: {fileID: 400000, guid: 86f635fb2385a449d87c303fa9449afe, type: 3}
      propertyPath: m_LocalRotation.x
      value: -.707106709
      objectReference: {fileID: 0}
    - target: {fileID: 400000, guid: 86f635fb2385a449d87c303fa9449afe, type: 3}
      propertyPath: m_LocalRotation.y
      value: 1.15202326e-07
      objectReference: {fileID: 0}
    - target: {fileID: 400000, guid: 86f635fb2385a449d87c303fa9449afe, type: 3}
      propertyPath: m_LocalRotation.z
      value: -.707106829
      objectReference: {fileID: 0}
    - target: {fileID: 400000, guid: 86f635fb2385a449d87c303fa9449afe, type: 3}
      propertyPath: m_LocalRotation.w
      value: -1.15202312e-07
      objectReference: {fileID: 0}
    - target: {fileID: 400000, guid: 86f635fb2385a449d87c303fa9449afe, type: 3}
      propertyPath: m_RootOrder
      value: 0
      objectReference: {fileID: 0}
    - target: {fileID: 400000, guid: 86f635fb2385a449d87c303fa9449afe, type: 3}
      propertyPath: m_LocalScale.x
      value: 1.5
      objectReference: {fileID: 0}
    - target: {fileID: 400000, guid: 86f635fb2385a449d87c303fa9449afe, type: 3}
      propertyPath: m_LocalScale.y
      value: 1.5
      objectReference: {fileID: 0}
    - target: {fileID: 400000, guid: 86f635fb2385a449d87c303fa9449afe, type: 3}
      propertyPath: m_LocalScale.z
      value: 1.5
      objectReference: {fileID: 0}
    m_RemovedComponents: []
  m_ParentPrefab: {fileID: 100100000, guid: 86f635fb2385a449d87c303fa9449afe, type: 3}
  m_RootGameObject: {fileID: 1436557121}
  m_IsPrefabParent: 0
  m_IsExploded: 1
--- !u!1 &1338372940
GameObject:
  m_ObjectHideFlags: 0
  m_PrefabParentObject: {fileID: 100012, guid: 86f635fb2385a449d87c303fa9449afe, type: 3}
  m_PrefabInternal: {fileID: 1294171426}
  serializedVersion: 4
  m_Component:
  - 4: {fileID: 1338372941}
  m_Layer: 0
  m_Name: Arm_R.001
  m_TagString: Untagged
  m_Icon: {fileID: 0}
  m_NavMeshLayer: 0
  m_StaticEditorFlags: 0
  m_IsActive: 1
--- !u!4 &1338372941
Transform:
  m_ObjectHideFlags: 0
  m_PrefabParentObject: {fileID: 400012, guid: 86f635fb2385a449d87c303fa9449afe, type: 3}
  m_PrefabInternal: {fileID: 1294171426}
  m_GameObject: {fileID: 1338372940}
  m_LocalRotation: {x: .197112978, y: .752524257, z: -.138108715, w: .613008738}
  m_LocalPosition: {x: -2.42143861e-10, y: .00136043446, z: 7.45058043e-11}
  m_LocalScale: {x: .999999821, y: 1.00000012, z: 1.00000012}
  m_Children:
  - {fileID: 340371370}
  m_Father: {fileID: 1272061406}
  m_RootOrder: 0
--- !u!1 &1422998289
GameObject:
  m_ObjectHideFlags: 0
  m_PrefabParentObject: {fileID: 100056, guid: 86f635fb2385a449d87c303fa9449afe, type: 3}
  m_PrefabInternal: {fileID: 1294171426}
  serializedVersion: 4
  m_Component:
  - 4: {fileID: 1422998290}
  m_Layer: 0
  m_Name: UpperBody
  m_TagString: Untagged
  m_Icon: {fileID: 0}
  m_NavMeshLayer: 0
  m_StaticEditorFlags: 0
  m_IsActive: 1
--- !u!4 &1422998290
Transform:
  m_ObjectHideFlags: 0
  m_PrefabParentObject: {fileID: 400056, guid: 86f635fb2385a449d87c303fa9449afe, type: 3}
  m_PrefabInternal: {fileID: 1294171426}
  m_GameObject: {fileID: 1422998289}
  m_LocalRotation: {x: -.809309125, y: 6.2720381e-17, z: 6.27203744e-17, w: .587382972}
  m_LocalPosition: {x: -0, y: 0, z: 0}
  m_LocalScale: {x: 1, y: 1, z: 1}
  m_Children:
  - {fileID: 1485515627}
  - {fileID: 324106082}
  - {fileID: 1819029784}
  - {fileID: 884277202}
  m_Father: {fileID: 1110214443}
  m_RootOrder: 0
--- !u!1 &1436557121
GameObject:
  m_ObjectHideFlags: 0
  m_PrefabParentObject: {fileID: 100000, guid: 86f635fb2385a449d87c303fa9449afe, type: 3}
  m_PrefabInternal: {fileID: 1294171426}
  serializedVersion: 4
  m_Component:
  - 4: {fileID: 1436557125}
  - 95: {fileID: 1436557122}
  m_Layer: 0
  m_Name: baby_03
  m_TagString: Untagged
  m_Icon: {fileID: 0}
  m_NavMeshLayer: 0
  m_StaticEditorFlags: 0
  m_IsActive: 1
--- !u!95 &1436557122
Animator:
  serializedVersion: 3
  m_ObjectHideFlags: 0
  m_PrefabParentObject: {fileID: 9500000, guid: 86f635fb2385a449d87c303fa9449afe,
    type: 3}
  m_PrefabInternal: {fileID: 1294171426}
  m_GameObject: {fileID: 1436557121}
  m_Enabled: 1
  m_Avatar: {fileID: 9000000, guid: 86f635fb2385a449d87c303fa9449afe, type: 3}
  m_Controller: {fileID: 0}
  m_CullingMode: 1
  m_UpdateMode: 0
  m_ApplyRootMotion: 1
  m_HasTransformHierarchy: 1
  m_AllowConstantClipSamplingOptimization: 1
--- !u!4 &1436557125
Transform:
  m_ObjectHideFlags: 0
  m_PrefabParentObject: {fileID: 400000, guid: 86f635fb2385a449d87c303fa9449afe, type: 3}
  m_PrefabInternal: {fileID: 1294171426}
  m_GameObject: {fileID: 1436557121}
  m_LocalRotation: {x: -.707106709, y: 1.15202326e-07, z: -.707106829, w: -1.15202312e-07}
  m_LocalPosition: {x: -.219999999, y: .860000014, z: 0}
  m_LocalScale: {x: 1.5, y: 1.5, z: 1.5}
  m_Children:
  - {fileID: 369536518}
  - {fileID: 2015529135}
  m_Father: {fileID: 2007589742}
  m_RootOrder: 0
--- !u!1 &1485515626
GameObject:
  m_ObjectHideFlags: 0
  m_PrefabParentObject: {fileID: 100046, guid: 86f635fb2385a449d87c303fa9449afe, type: 3}
  m_PrefabInternal: {fileID: 1294171426}
  serializedVersion: 4
  m_Component:
  - 4: {fileID: 1485515627}
  m_Layer: 0
  m_Name: LowerBody
  m_TagString: Untagged
  m_Icon: {fileID: 0}
  m_NavMeshLayer: 0
  m_StaticEditorFlags: 0
  m_IsActive: 1
--- !u!4 &1485515627
Transform:
  m_ObjectHideFlags: 0
  m_PrefabParentObject: {fileID: 400046, guid: 86f635fb2385a449d87c303fa9449afe, type: 3}
  m_PrefabInternal: {fileID: 1294171426}
  m_GameObject: {fileID: 1485515626}
  m_LocalRotation: {x: -4.32586518e-07, y: -.00990583934, z: .999950945, w: -4.79988778e-08}
  m_LocalPosition: {x: -0, y: 0, z: 0}
  m_LocalScale: {x: 1, y: 1.00000036, z: 1.00000274}
  m_Children:
  - {fileID: 600135167}
  - {fileID: 904050679}
  m_Father: {fileID: 1422998290}
  m_RootOrder: 0
--- !u!1 &1542944553
GameObject:
  m_ObjectHideFlags: 0
  m_PrefabParentObject: {fileID: 100038, guid: 86f635fb2385a449d87c303fa9449afe, type: 3}
  m_PrefabInternal: {fileID: 1294171426}
  serializedVersion: 4
  m_Component:
  - 4: {fileID: 1542944554}
  m_Layer: 0
  m_Name: Leg_R.001
  m_TagString: Untagged
  m_Icon: {fileID: 0}
  m_NavMeshLayer: 0
  m_StaticEditorFlags: 0
  m_IsActive: 1
--- !u!4 &1542944554
Transform:
  m_ObjectHideFlags: 0
  m_PrefabParentObject: {fileID: 400038, guid: 86f635fb2385a449d87c303fa9449afe, type: 3}
  m_PrefabInternal: {fileID: 1294171426}
  m_GameObject: {fileID: 1542944553}
  m_LocalRotation: {x: -.49270767, y: .852623761, z: -.0432558022, w: -.168525442}
  m_LocalPosition: {x: 1.86264511e-11, y: .00283683231, z: -1.86264504e-10}
  m_LocalScale: {x: 1.00000024, y: 1.00000012, z: 1}
  m_Children:
  - {fileID: 1868988831}
  m_Father: {fileID: 904050679}
  m_RootOrder: 0
--- !u!1 &1580637214
GameObject:
  m_ObjectHideFlags: 0
  m_PrefabParentObject: {fileID: 100022, guid: 86f635fb2385a449d87c303fa9449afe, type: 3}
  m_PrefabInternal: {fileID: 1294171426}
  serializedVersion: 4
  m_Component:
  - 4: {fileID: 1580637215}
  m_Layer: 0
  m_Name: Head
  m_TagString: Untagged
  m_Icon: {fileID: 0}
  m_NavMeshLayer: 0
  m_StaticEditorFlags: 0
  m_IsActive: 1
--- !u!4 &1580637215
Transform:
  m_ObjectHideFlags: 0
  m_PrefabParentObject: {fileID: 400022, guid: 86f635fb2385a449d87c303fa9449afe, type: 3}
  m_PrefabInternal: {fileID: 1294171426}
  m_GameObject: {fileID: 1580637214}
  m_LocalRotation: {x: .243780911, y: 1.44267545e-17, z: -1.36000206e-17, w: .969830334}
  m_LocalPosition: {x: -7.03103528e-26, y: .00347694568, z: 0}
  m_LocalScale: {x: 1, y: 1, z: 1}
  m_Children:
  - {fileID: 205202225}
  m_Father: {fileID: 324106082}
  m_RootOrder: 0
--- !u!1 &1644307928
GameObject:
  m_ObjectHideFlags: 0
  m_PrefabParentObject: {fileID: 0}
  m_PrefabInternal: {fileID: 0}
  serializedVersion: 4
  m_Component:
  - 224: {fileID: 1644307929}
  - 222: {fileID: 1644307931}
  - 114: {fileID: 1644307930}
  m_Layer: 5
  m_Name: Hi1
  m_TagString: Untagged
  m_Icon: {fileID: 0}
  m_NavMeshLayer: 0
  m_StaticEditorFlags: 0
  m_IsActive: 1
--- !u!224 &1644307929
RectTransform:
  m_ObjectHideFlags: 0
  m_PrefabParentObject: {fileID: 0}
  m_PrefabInternal: {fileID: 0}
  m_GameObject: {fileID: 1644307928}
  m_LocalRotation: {x: 0, y: 0, z: 0, w: 1}
  m_LocalPosition: {x: 0, y: 0, z: 0}
  m_LocalScale: {x: 1, y: 1, z: 1}
  m_Children: []
  m_Father: {fileID: 107252882}
  m_RootOrder: 0
  m_AnchorMin: {x: .5, y: .5}
  m_AnchorMax: {x: .5, y: .5}
  m_AnchoredPosition: {x: 0, y: 350}
  m_SizeDelta: {x: 512, y: 408}
  m_Pivot: {x: .5, y: .5}
--- !u!114 &1644307930
MonoBehaviour:
  m_ObjectHideFlags: 0
  m_PrefabParentObject: {fileID: 0}
  m_PrefabInternal: {fileID: 0}
  m_GameObject: {fileID: 1644307928}
  m_Enabled: 1
  m_EditorHideFlags: 0
  m_Script: {fileID: -765806418, guid: f5f67c52d1564df4a8936ccd202a3bd8, type: 3}
  m_Name: 
  m_EditorClassIdentifier: 
  m_Material: {fileID: 0}
  m_Color: {r: 1, g: 1, b: 1, a: 1}
  m_Sprite: {fileID: 21300000, guid: cee5628ffdc084b24a7157d23a90cf73, type: 3}
  m_Type: 0
  m_PreserveAspect: 0
  m_FillCenter: 1
  m_FillMethod: 4
  m_FillAmount: 1
  m_FillClockwise: 1
  m_FillOrigin: 0
--- !u!222 &1644307931
CanvasRenderer:
  m_ObjectHideFlags: 0
  m_PrefabParentObject: {fileID: 0}
  m_PrefabInternal: {fileID: 0}
  m_GameObject: {fileID: 1644307928}
--- !u!1 &1819029783
GameObject:
  m_ObjectHideFlags: 0
  m_PrefabParentObject: {fileID: 100052, guid: 86f635fb2385a449d87c303fa9449afe, type: 3}
  m_PrefabInternal: {fileID: 1294171426}
  serializedVersion: 4
  m_Component:
  - 4: {fileID: 1819029784}
  m_Layer: 0
  m_Name: Sholder_L
  m_TagString: Untagged
  m_Icon: {fileID: 0}
  m_NavMeshLayer: 0
  m_StaticEditorFlags: 0
  m_IsActive: 1
--- !u!4 &1819029784
Transform:
  m_ObjectHideFlags: 0
  m_PrefabParentObject: {fileID: 400052, guid: 86f635fb2385a449d87c303fa9449afe, type: 3}
  m_PrefabInternal: {fileID: 1294171426}
  m_GameObject: {fileID: 1819029783}
  m_LocalRotation: {x: .28979066, y: .0754186064, z: .707839251, w: .639763236}
  m_LocalPosition: {x: 3.7223126e-26, y: .00237168279, z: 0}
  m_LocalScale: {x: 1.00000024, y: 1.00000012, z: 1.00000024}
  m_Children:
  - {fileID: 479491734}
  m_Father: {fileID: 1422998290}
  m_RootOrder: 2
--- !u!1 &1868988830
GameObject:
  m_ObjectHideFlags: 0
  m_PrefabParentObject: {fileID: 100040, guid: 86f635fb2385a449d87c303fa9449afe, type: 3}
  m_PrefabInternal: {fileID: 1294171426}
  serializedVersion: 4
  m_Component:
  - 4: {fileID: 1868988831}
  m_Layer: 0
  m_Name: Leg_R.002
  m_TagString: Untagged
  m_Icon: {fileID: 0}
  m_NavMeshLayer: 0
  m_StaticEditorFlags: 0
  m_IsActive: 1
--- !u!4 &1868988831
Transform:
  m_ObjectHideFlags: 0
  m_PrefabParentObject: {fileID: 400040, guid: 86f635fb2385a449d87c303fa9449afe, type: 3}
  m_PrefabInternal: {fileID: 1294171426}
  m_GameObject: {fileID: 1868988830}
  m_LocalRotation: {x: -.267700106, y: .13426058, z: -.0803607181, w: .950711787}
  m_LocalPosition: {x: 7.45058043e-11, y: .00228457898, z: -9.31322519e-11}
  m_LocalScale: {x: .999999881, y: 1, z: 1}
  m_Children:
  - {fileID: 354480838}
  m_Father: {fileID: 1542944554}
  m_RootOrder: 0
--- !u!1 &1889592859
GameObject:
  m_ObjectHideFlags: 0
  m_PrefabParentObject: {fileID: 126506, guid: 9468881b52476476daff25ad755a0152, type: 2}
  m_PrefabInternal: {fileID: 1060994877}
  serializedVersion: 4
  m_Component:
  - 4: {fileID: 1889592861}
  - 114: {fileID: 1889592860}
  m_Layer: 0
  m_Name: Game2Manager
  m_TagString: Untagged
  m_Icon: {fileID: 0}
  m_NavMeshLayer: 0
  m_StaticEditorFlags: 0
  m_IsActive: 1
--- !u!114 &1889592860
MonoBehaviour:
  m_ObjectHideFlags: 0
  m_PrefabParentObject: {fileID: 11427290, guid: 9468881b52476476daff25ad755a0152,
    type: 2}
  m_PrefabInternal: {fileID: 1060994877}
  m_GameObject: {fileID: 1889592859}
  m_Enabled: 1
  m_EditorHideFlags: 0
  m_Script: {fileID: 11500000, guid: 74757a7451b43472e880da9b9f655366, type: 3}
  m_Name: 
  m_EditorClassIdentifier: 
  timeText: {fileID: 2055637612}
--- !u!4 &1889592861
Transform:
  m_ObjectHideFlags: 0
  m_PrefabParentObject: {fileID: 426506, guid: 9468881b52476476daff25ad755a0152, type: 2}
  m_PrefabInternal: {fileID: 1060994877}
  m_GameObject: {fileID: 1889592859}
  m_LocalRotation: {x: 0, y: 0, z: 0, w: 1}
  m_LocalPosition: {x: 0, y: 0, z: 0}
  m_LocalScale: {x: 1, y: 1, z: 1}
  m_Children: []
  m_Father: {fileID: 0}
  m_RootOrder: 5
--- !u!1 &1901543758
GameObject:
  m_ObjectHideFlags: 0
  m_PrefabParentObject: {fileID: 100034, guid: 86f635fb2385a449d87c303fa9449afe, type: 3}
  m_PrefabInternal: {fileID: 1294171426}
  serializedVersion: 4
  m_Component:
  - 4: {fileID: 1901543759}
  m_Layer: 0
  m_Name: Leg_L.003_end
  m_TagString: Untagged
  m_Icon: {fileID: 0}
  m_NavMeshLayer: 0
  m_StaticEditorFlags: 0
  m_IsActive: 1
--- !u!4 &1901543759
Transform:
  m_ObjectHideFlags: 0
  m_PrefabParentObject: {fileID: 400034, guid: 86f635fb2385a449d87c303fa9449afe, type: 3}
  m_PrefabInternal: {fileID: 1294171426}
  m_GameObject: {fileID: 1901543758}
  m_LocalRotation: {x: 0, y: -0, z: -0, w: 1}
  m_LocalPosition: {x: -0, y: .00210568681, z: 0}
  m_LocalScale: {x: 1, y: 1, z: 1}
  m_Children: []
  m_Father: {fileID: 928851830}
  m_RootOrder: 0
--- !u!1 &1945019843
GameObject:
  m_ObjectHideFlags: 0
  m_PrefabParentObject: {fileID: 100016, guid: 86f635fb2385a449d87c303fa9449afe, type: 3}
  m_PrefabInternal: {fileID: 1294171426}
  serializedVersion: 4
  m_Component:
  - 4: {fileID: 1945019844}
  m_Layer: 0
  m_Name: Arm_R.002_end
  m_TagString: Untagged
  m_Icon: {fileID: 0}
  m_NavMeshLayer: 0
  m_StaticEditorFlags: 0
  m_IsActive: 1
--- !u!4 &1945019844
Transform:
  m_ObjectHideFlags: 0
  m_PrefabParentObject: {fileID: 400016, guid: 86f635fb2385a449d87c303fa9449afe, type: 3}
  m_PrefabInternal: {fileID: 1294171426}
  m_GameObject: {fileID: 1945019843}
  m_LocalRotation: {x: 0, y: -0, z: -0, w: 1}
  m_LocalPosition: {x: -0, y: .00271124137, z: 0}
  m_LocalScale: {x: 1, y: 1, z: 1}
  m_Children: []
  m_Father: {fileID: 340371370}
  m_RootOrder: 0
--- !u!1 &1951974913
GameObject:
  m_ObjectHideFlags: 0
  m_PrefabParentObject: {fileID: 0}
  m_PrefabInternal: {fileID: 0}
  serializedVersion: 4
  m_Component:
  - 4: {fileID: 1951974915}
  - 212: {fileID: 1951974914}
  m_Layer: 0
  m_Name: game_bg
  m_TagString: Untagged
  m_Icon: {fileID: 0}
  m_NavMeshLayer: 0
  m_StaticEditorFlags: 0
  m_IsActive: 1
--- !u!212 &1951974914
SpriteRenderer:
  m_ObjectHideFlags: 0
  m_PrefabParentObject: {fileID: 0}
  m_PrefabInternal: {fileID: 0}
  m_GameObject: {fileID: 1951974913}
  m_Enabled: 1
  m_CastShadows: 0
  m_ReceiveShadows: 0
  m_LightmapIndex: 255
  m_LightmapTilingOffset: {x: 1, y: 1, z: 0, w: 0}
  m_Materials:
  - {fileID: 10754, guid: 0000000000000000e000000000000000, type: 0}
  m_SubsetIndices: 
  m_StaticBatchRoot: {fileID: 0}
  m_UseLightProbes: 0
  m_LightProbeAnchor: {fileID: 0}
  m_ScaleInLightmap: 1
  m_SortingLayerID: 0
  m_SortingOrder: 0
  m_Sprite: {fileID: 21300000, guid: 6bd5377e9e9474750ae9a8a8ecd450b5, type: 3}
  m_Color: {r: 1, g: 1, b: 1, a: 1}
--- !u!4 &1951974915
Transform:
  m_ObjectHideFlags: 0
  m_PrefabParentObject: {fileID: 0}
  m_PrefabInternal: {fileID: 0}
  m_GameObject: {fileID: 1951974913}
  m_LocalRotation: {x: 0, y: 0, z: 0, w: 1}
  m_LocalPosition: {x: 0, y: 0, z: 10}
  m_LocalScale: {x: 1, y: 1, z: 1}
  m_Children: []
  m_Father: {fileID: 2055095227}
  m_RootOrder: 0
--- !u!1 &2001424409
GameObject:
  m_ObjectHideFlags: 0
  m_PrefabParentObject: {fileID: 0}
  m_PrefabInternal: {fileID: 0}
  serializedVersion: 4
  m_Component:
  - 4: {fileID: 2001424411}
  - 108: {fileID: 2001424410}
  m_Layer: 0
  m_Name: Directional light
  m_TagString: Untagged
  m_Icon: {fileID: 0}
  m_NavMeshLayer: 0
  m_StaticEditorFlags: 0
  m_IsActive: 1
--- !u!108 &2001424410
Light:
  m_ObjectHideFlags: 0
  m_PrefabParentObject: {fileID: 0}
  m_PrefabInternal: {fileID: 0}
  m_GameObject: {fileID: 2001424409}
  m_Enabled: 1
  serializedVersion: 3
  m_Type: 1
  m_Color: {r: 1, g: 1, b: 1, a: 1}
  m_Intensity: .5
  m_Range: 10
  m_SpotAngle: 30
  m_CookieSize: 10
  m_Shadows:
    m_Type: 0
    m_Resolution: -1
    m_Strength: 1
    m_Bias: .0500000007
    m_Softness: 4
    m_SoftnessFade: 1
  m_Cookie: {fileID: 0}
  m_DrawHalo: 0
  m_ActuallyLightmapped: 0
  m_Flare: {fileID: 0}
  m_RenderMode: 0
  m_CullingMask:
    serializedVersion: 2
    m_Bits: 4294967295
  m_Lightmapping: 1
  m_ShadowSamples: 1
  m_ShadowRadius: 0
  m_ShadowAngle: 0
  m_IndirectIntensity: 1
  m_AreaSize: {x: 1, y: 1}
--- !u!4 &2001424411
Transform:
  m_ObjectHideFlags: 0
  m_PrefabParentObject: {fileID: 0}
  m_PrefabInternal: {fileID: 0}
  m_GameObject: {fileID: 2001424409}
  m_LocalRotation: {x: .408217937, y: -.234569728, z: .109381676, w: .875426054}
  m_LocalPosition: {x: 0, y: .240999997, z: 0}
  m_LocalScale: {x: 1, y: 1, z: 1}
  m_Children: []
  m_Father: {fileID: 0}
  m_RootOrder: 6
--- !u!1 &2007589741
GameObject:
  m_ObjectHideFlags: 0
  m_PrefabParentObject: {fileID: 0}
  m_PrefabInternal: {fileID: 0}
  serializedVersion: 4
  m_Component:
  - 4: {fileID: 2007589742}
  m_Layer: 0
  m_Name: Baby
  m_TagString: Untagged
  m_Icon: {fileID: 0}
  m_NavMeshLayer: 0
  m_StaticEditorFlags: 0
  m_IsActive: 1
--- !u!4 &2007589742
Transform:
  m_ObjectHideFlags: 0
  m_PrefabParentObject: {fileID: 0}
  m_PrefabInternal: {fileID: 0}
  m_GameObject: {fileID: 2007589741}
  m_LocalRotation: {x: 0, y: 0, z: 0, w: 1}
  m_LocalPosition: {x: 0, y: -.300000012, z: 0}
  m_LocalScale: {x: 1, y: 1, z: 1}
  m_Children:
  - {fileID: 1436557125}
  m_Father: {fileID: 0}
  m_RootOrder: 7
--- !u!1 &2015529134
GameObject:
  m_ObjectHideFlags: 0
  m_PrefabParentObject: {fileID: 100020, guid: 86f635fb2385a449d87c303fa9449afe, type: 3}
  m_PrefabInternal: {fileID: 1294171426}
  serializedVersion: 4
  m_Component:
  - 4: {fileID: 2015529135}
  - 137: {fileID: 2015529136}
  m_Layer: 0
  m_Name: baby_03
  m_TagString: Untagged
  m_Icon: {fileID: 0}
  m_NavMeshLayer: 0
  m_StaticEditorFlags: 0
  m_IsActive: 1
--- !u!4 &2015529135
Transform:
  m_ObjectHideFlags: 0
  m_PrefabParentObject: {fileID: 400020, guid: 86f635fb2385a449d87c303fa9449afe, type: 3}
  m_PrefabInternal: {fileID: 1294171426}
  m_GameObject: {fileID: 2015529134}
  m_LocalRotation: {x: -.707106829, y: 6.86309461e-24, z: 5.59070003e-31, w: .707106709}
  m_LocalPosition: {x: 0, y: 0, z: 0}
  m_LocalScale: {x: 100, y: 100.000008, z: 100.000008}
  m_Children: []
  m_Father: {fileID: 1436557125}
  m_RootOrder: 1
--- !u!137 &2015529136
SkinnedMeshRenderer:
  m_ObjectHideFlags: 0
  m_PrefabParentObject: {fileID: 13700000, guid: 86f635fb2385a449d87c303fa9449afe,
    type: 3}
  m_PrefabInternal: {fileID: 1294171426}
  m_GameObject: {fileID: 2015529134}
  m_Enabled: 1
  m_CastShadows: 1
  m_ReceiveShadows: 1
  m_LightmapIndex: 255
  m_LightmapTilingOffset: {x: 1, y: 1, z: 0, w: 0}
  m_Materials:
  - {fileID: 2100000, guid: 953ed57618a16426fb578b9cdddc95cf, type: 2}
  m_SubsetIndices: 
  m_StaticBatchRoot: {fileID: 0}
  m_UseLightProbes: 0
  m_LightProbeAnchor: {fileID: 0}
  m_ScaleInLightmap: 1
  m_SortingLayerID: 0
  m_SortingOrder: 0
  serializedVersion: 2
  m_Quality: 0
  m_UpdateWhenOffscreen: 0
  m_Mesh: {fileID: 4300002, guid: 86f635fb2385a449d87c303fa9449afe, type: 3}
  m_Bones:
  - {fileID: 1110214443}
  - {fileID: 1422998290}
  - {fileID: 324106082}
  - {fileID: 1580637215}
  - {fileID: 1819029784}
  - {fileID: 479491734}
  - {fileID: 175988482}
  - {fileID: 27701273}
  - {fileID: 884277202}
  - {fileID: 1272061406}
  - {fileID: 1338372941}
  - {fileID: 340371370}
  - {fileID: 1485515627}
  - {fileID: 600135167}
  - {fileID: 571796142}
  - {fileID: 627829494}
  - {fileID: 928851830}
  - {fileID: 904050679}
  - {fileID: 1542944554}
  - {fileID: 1868988831}
  - {fileID: 354480838}
  m_BlendShapeWeights: []
  m_RootBone: {fileID: 1110214443}
  m_AABB:
    m_Center: {x: -.000186251476, y: .00313533121, z: -.00359417265}
    m_Extent: {x: .00781986117, y: .0102277659, z: .0133433286}
  m_DirtyAABB: 0
--- !u!1 &2034864467
GameObject:
  m_ObjectHideFlags: 0
  m_PrefabParentObject: {fileID: 0}
  m_PrefabInternal: {fileID: 0}
  serializedVersion: 4
  m_Component:
  - 224: {fileID: 2034864470}
  - 222: {fileID: 2034864469}
  - 114: {fileID: 2034864468}
  m_Layer: 5
  m_Name: Fu
  m_TagString: Untagged
  m_Icon: {fileID: 0}
  m_NavMeshLayer: 0
  m_StaticEditorFlags: 0
  m_IsActive: 1
--- !u!114 &2034864468
MonoBehaviour:
  m_ObjectHideFlags: 0
  m_PrefabParentObject: {fileID: 0}
  m_PrefabInternal: {fileID: 0}
  m_GameObject: {fileID: 2034864467}
  m_Enabled: 1
  m_EditorHideFlags: 0
  m_Script: {fileID: -765806418, guid: f5f67c52d1564df4a8936ccd202a3bd8, type: 3}
  m_Name: 
  m_EditorClassIdentifier: 
  m_Material: {fileID: 0}
  m_Color: {r: 1, g: 1, b: 1, a: 1}
  m_Sprite: {fileID: 21300000, guid: 25c0574e15ff54f9dac955f109c38742, type: 3}
  m_Type: 0
  m_PreserveAspect: 0
  m_FillCenter: 1
  m_FillMethod: 4
  m_FillAmount: 1
  m_FillClockwise: 1
  m_FillOrigin: 0
--- !u!222 &2034864469
CanvasRenderer:
  m_ObjectHideFlags: 0
  m_PrefabParentObject: {fileID: 0}
  m_PrefabInternal: {fileID: 0}
  m_GameObject: {fileID: 2034864467}
--- !u!224 &2034864470
RectTransform:
  m_ObjectHideFlags: 0
  m_PrefabParentObject: {fileID: 0}
  m_PrefabInternal: {fileID: 0}
  m_GameObject: {fileID: 2034864467}
  m_LocalRotation: {x: 0, y: 0, z: 0, w: 1}
  m_LocalPosition: {x: 0, y: 0, z: 0}
  m_LocalScale: {x: 1, y: 1, z: 1}
  m_Children: []
  m_Father: {fileID: 107252882}
  m_RootOrder: 2
  m_AnchorMin: {x: .5, y: .5}
  m_AnchorMax: {x: .5, y: .5}
  m_AnchoredPosition: {x: 0, y: 350}
  m_SizeDelta: {x: 512, y: 408}
  m_Pivot: {x: .5, y: .5}
--- !u!1 &2049793082
GameObject:
  m_ObjectHideFlags: 0
  m_PrefabParentObject: {fileID: 0}
  m_PrefabInternal: {fileID: 0}
  serializedVersion: 4
  m_Component:
  - 224: {fileID: 2049793083}
  - 222: {fileID: 2049793085}
  - 114: {fileID: 2049793084}
  m_Layer: 5
  m_Name: Hi2
  m_TagString: Untagged
  m_Icon: {fileID: 0}
  m_NavMeshLayer: 0
  m_StaticEditorFlags: 0
  m_IsActive: 1
--- !u!224 &2049793083
RectTransform:
  m_ObjectHideFlags: 0
  m_PrefabParentObject: {fileID: 0}
  m_PrefabInternal: {fileID: 0}
  m_GameObject: {fileID: 2049793082}
  m_LocalRotation: {x: 0, y: 0, z: 0, w: 1}
  m_LocalPosition: {x: 0, y: 0, z: 0}
  m_LocalScale: {x: 1, y: 1, z: 1}
  m_Children: []
  m_Father: {fileID: 107252882}
  m_RootOrder: 1
  m_AnchorMin: {x: .5, y: .5}
  m_AnchorMax: {x: .5, y: .5}
  m_AnchoredPosition: {x: 0, y: 350}
  m_SizeDelta: {x: 512, y: 408}
  m_Pivot: {x: .5, y: .5}
--- !u!114 &2049793084
MonoBehaviour:
  m_ObjectHideFlags: 0
  m_PrefabParentObject: {fileID: 0}
  m_PrefabInternal: {fileID: 0}
  m_GameObject: {fileID: 2049793082}
  m_Enabled: 1
  m_EditorHideFlags: 0
  m_Script: {fileID: -765806418, guid: f5f67c52d1564df4a8936ccd202a3bd8, type: 3}
  m_Name: 
  m_EditorClassIdentifier: 
  m_Material: {fileID: 0}
  m_Color: {r: 1, g: 1, b: 1, a: 1}
  m_Sprite: {fileID: 21300000, guid: 112b6ed89d3cc48d89eccc6aa8911d16, type: 3}
  m_Type: 0
  m_PreserveAspect: 0
  m_FillCenter: 1
  m_FillMethod: 4
  m_FillAmount: 1
  m_FillClockwise: 1
  m_FillOrigin: 0
--- !u!222 &2049793085
CanvasRenderer:
  m_ObjectHideFlags: 0
  m_PrefabParentObject: {fileID: 0}
  m_PrefabInternal: {fileID: 0}
  m_GameObject: {fileID: 2049793082}
--- !u!1 &2055095222
GameObject:
  m_ObjectHideFlags: 0
  m_PrefabParentObject: {fileID: 0}
  m_PrefabInternal: {fileID: 0}
  serializedVersion: 4
  m_Component:
  - 4: {fileID: 2055095227}
  - 20: {fileID: 2055095226}
  - 92: {fileID: 2055095225}
  - 124: {fileID: 2055095224}
  - 81: {fileID: 2055095223}
  m_Layer: 0
  m_Name: Main Camera
  m_TagString: MainCamera
  m_Icon: {fileID: 0}
  m_NavMeshLayer: 0
  m_StaticEditorFlags: 0
  m_IsActive: 1
--- !u!81 &2055095223
AudioListener:
  m_ObjectHideFlags: 0
  m_PrefabParentObject: {fileID: 0}
  m_PrefabInternal: {fileID: 0}
  m_GameObject: {fileID: 2055095222}
  m_Enabled: 1
--- !u!124 &2055095224
Behaviour:
  m_ObjectHideFlags: 0
  m_PrefabParentObject: {fileID: 0}
  m_PrefabInternal: {fileID: 0}
  m_GameObject: {fileID: 2055095222}
  m_Enabled: 1
--- !u!92 &2055095225
Behaviour:
  m_ObjectHideFlags: 0
  m_PrefabParentObject: {fileID: 0}
  m_PrefabInternal: {fileID: 0}
  m_GameObject: {fileID: 2055095222}
  m_Enabled: 1
--- !u!20 &2055095226
Camera:
  m_ObjectHideFlags: 0
  m_PrefabParentObject: {fileID: 0}
  m_PrefabInternal: {fileID: 0}
  m_GameObject: {fileID: 2055095222}
  m_Enabled: 1
  serializedVersion: 2
  m_ClearFlags: 1
  m_BackGroundColor: {r: 0, g: 0, b: 0, a: 0}
  m_NormalizedViewPortRect:
    serializedVersion: 2
    x: 0
    y: 0
    width: 1
    height: 1
  near clip plane: .300000012
  far clip plane: 1000
  field of view: 60
  orthographic: 0
  orthographic size: 5
  m_Depth: -1
  m_CullingMask:
    serializedVersion: 2
    m_Bits: 4294967295
  m_RenderingPath: -1
  m_TargetTexture: {fileID: 0}
  m_TargetDisplay: 0
  m_HDR: 0
  m_OcclusionCulling: 1
  m_StereoConvergence: 10
  m_StereoSeparation: .0219999999
--- !u!4 &2055095227
Transform:
  m_ObjectHideFlags: 0
  m_PrefabParentObject: {fileID: 0}
  m_PrefabInternal: {fileID: 0}
  m_GameObject: {fileID: 2055095222}
  m_LocalRotation: {x: 0, y: 0, z: 0, w: 1}
  m_LocalPosition: {x: 0, y: 0, z: -10}
  m_LocalScale: {x: 1, y: 1, z: 1}
  m_Children:
  - {fileID: 1951974915}
  m_Father: {fileID: 0}
  m_RootOrder: 0
--- !u!1 &2055637610
GameObject:
  m_ObjectHideFlags: 0
  m_PrefabParentObject: {fileID: 0}
  m_PrefabInternal: {fileID: 0}
  serializedVersion: 4
  m_Component:
  - 224: {fileID: 2055637611}
  - 222: {fileID: 2055637613}
  - 114: {fileID: 2055637612}
  m_Layer: 5
  m_Name: TimeText
  m_TagString: Untagged
  m_Icon: {fileID: 0}
  m_NavMeshLayer: 0
  m_StaticEditorFlags: 0
  m_IsActive: 1
--- !u!224 &2055637611
RectTransform:
  m_ObjectHideFlags: 0
  m_PrefabParentObject: {fileID: 0}
  m_PrefabInternal: {fileID: 0}
  m_GameObject: {fileID: 2055637610}
  m_LocalRotation: {x: 0, y: 0, z: 0, w: 1}
  m_LocalPosition: {x: 0, y: 0, z: 0}
  m_LocalScale: {x: 1, y: 1, z: 1}
  m_Children: []
  m_Father: {fileID: 107252882}
  m_RootOrder: 3
  m_AnchorMin: {x: .5, y: .5}
  m_AnchorMax: {x: .5, y: .5}
  m_AnchoredPosition: {x: 0, y: -450}
  m_SizeDelta: {x: 600, y: 200}
  m_Pivot: {x: .5, y: .5}
--- !u!114 &2055637612
MonoBehaviour:
  m_ObjectHideFlags: 0
  m_PrefabParentObject: {fileID: 0}
  m_PrefabInternal: {fileID: 0}
  m_GameObject: {fileID: 2055637610}
  m_Enabled: 1
  m_EditorHideFlags: 0
  m_Script: {fileID: 708705254, guid: f5f67c52d1564df4a8936ccd202a3bd8, type: 3}
  m_Name: 
  m_EditorClassIdentifier: 
  m_Material: {fileID: 0}
  m_Color: {r: 1, g: 1, b: 1, a: 1}
  m_FontData:
    m_Font: {fileID: 10102, guid: 0000000000000000e000000000000000, type: 0}
    m_FontSize: 45
    m_FontStyle: 0
    m_BestFit: 0
    m_MinSize: 10
    m_MaxSize: 40
    m_Alignment: 4
    m_RichText: 1
    m_HorizontalOverflow: 0
    m_VerticalOverflow: 0
    m_LineSpacing: 1
  m_Text: "\u51FA\u7523\u307E\u3067\u6B8B\u308A 0 \u79D2"
--- !u!222 &2055637613
CanvasRenderer:
  m_ObjectHideFlags: 0
  m_PrefabParentObject: {fileID: 0}
  m_PrefabInternal: {fileID: 0}
  m_GameObject: {fileID: 2055637610}
